@article{feynman1982simulating,
  added-at = {2019-02-26T21:36:34.000+0100},
  author = {Feynman, Richard P},
  biburl = {https://www.bibsonomy.org/bibtex/213ff745d56ca88760b0e36f2b112e7a4/rspreeuw},
  url = {https://link.springer.com/article/10.1007/BF02650179},
  interhash = {e7b5cbbbe625b40aca61c24bdbee745d},
  intrahash = {13ff745d56ca88760b0e36f2b112e7a4},
  journal = {International journal of theoretical physics},
  keywords = {imported},
  number = {6/7},
  pages = {467--488},
  publisher = {World Scientific},
  timestamp = {2019-02-26T21:36:34.000+0100},
  title = {Simulating physics with computers},
  volume = 21,
  year = 1982
}

@article{Greiner2002,
  title     = "Quantum phase transition from a superfluid to a Mott insulator
               in a gas of ultracold atoms",
  author    = "Greiner, Markus and Mandel, Olaf and Esslinger, Tilman and
               H{\"a}nsch, Theodor W and Bloch, Immanuel",
  journal   = "Nature",
  publisher = "Springer Science and Business Media LLC",
  volume    =  415,
  number    =  6867,
  pages     = "39--44",
  month     =  jan,
  year      =  2002,
  language  = "en",
  url = "https://pubmed.ncbi.nlm.nih.gov/11780110/"
}

@article{Courteille98,
  title = {Observation of a Feshbach Resonance in Cold Atom Scattering},
  author = {Courteille, Ph. and Freeland, R. S. and Heinzen, D. J. and van Abeelen, F. A. and Verhaar, B. J.},
  journal = {Phys. Rev. Lett.},
  volume = {81},
  issue = {1},
  pages = {69--72},
  numpages = {0},
  year = {1998},
  month = {Jul},
  publisher = {American Physical Society},
  doi = {10.1103/PhysRevLett.81.69},
  url = {https://link.aps.org/doi/10.1103/PhysRevLett.81.69}
}

@article{Bloch_2008,
	doi = {10.1103/revmodphys.80.885},
	url = {https://doi.org/10.1103%2Frevmodphys.80.885},
	year = 2008,
	month = {jul},
	publisher = {American Physical Society ({APS})},
	volume = {80},
	number = {3},
	pages = {885--964},
	author = {Immanuel Bloch and Jean Dalibard and Wilhelm Zwerger},
	title = {Many-body physics with ultracold gases},
  	journal = {Reviews of Modern Physics}
}

@article{Georgescu_2014,
	doi = {10.1103/revmodphys.86.153},
  
	url = {https://doi.org/10.1103%2Frevmodphys.86.153},
  
	year = 2014,
	month = {mar},
  
	publisher = {American Physical Society ({APS})},
  
	volume = {86},
  
	number = {1},
  
	pages = {153--185},
  
	author = {I.{\hspace{0.167em}
}M. Georgescu and S. Ashhab and Franco Nori},
  
	title = {Quantum simulation},
  
	journal = {Reviews of Modern Physics}
}

﻿@Article{Johnson2014,
author={Johnson, Tomi H.
and Clark, Stephen R.
and Jaksch, Dieter},
title={What is a quantum simulator?},
journal={EPJ Quantum Technology},
year={2014},
month={Jul},
day={23},
volume={1},
number={1},
pages={10},
issn={2196-0763},
doi={10.1140/epjqt10},
url={https://doi.org/10.1140/epjqt10}
}


@article{Schafer20,
	doi = {10.1038/s42254-020-0195-3},
	url = {https://doi.org/10.1038%2Fs42254-020-0195-3},
	year = 2020,
	month = {jul},
	publisher = {Springer Science and Business Media {LLC}
},
	volume = {2},
	number = {8},
	pages = {411--425},
	author = {Florian Sch\"{a}fer and Takeshi Fukuhara and Seiji Sugawa and Yosuke Takasu and Yoshiro Takahashi},
	title = {Tools for quantum simulation with ultracold atoms in optical lattices},
	journal = {Nature Reviews Physics}
}

@article{Bloch17,
	author = {Christian Gross  and Immanuel Bloch},
	title = {Quantum simulations with ultracold atoms in optical lattices},
	journal = {Science},
	volume = {357},
	number = {6355},
	pages = {995-1001},
	year = {2017},
	doi = {10.1126/science.aal3837},
	URL = {https://www.science.org/doi/abs/10.1126/science.aal3837}
}

﻿@Article{Bloch2012,
author={Bloch, Immanuel
and Dalibard, Jean
and Nascimb{\`e}ne, Sylvain},
title={Quantum simulations with ultracold quantum gases},
journal={Nature Physics},
year={2012},
month={Apr},
day={01},
volume={8},
number={4},
pages={267-276},
issn={1745-2481},
doi={10.1038/nphys2259},
url={https://doi.org/10.1038/nphys2259}
}

@incollection{grimm1999optical,
title = {Optical Dipole Traps for Neutral Atoms},
editor = {Benjamin Bederson and Herbert Walther},
series = {Advances In Atomic, Molecular, and Optical Physics},
publisher = {Academic Press},
volume = {42},
pages = {95-170},
year = {2000},
issn = {1049-250X},
url = {https://doi.org/10.1016/S1049-250X(08)60186-X},
author = {Rudolf Grimm and Matthias Weidemüller and Yurii B. Ovchinnikov}
}

@article{Marzari_2012,
	doi = {10.1103/revmodphys.84.1419},
  
	url = {https://doi.org/10.1103%2Frevmodphys.84.1419},
  
	year = 2012,
	month = {oct},
  
	publisher = {American Physical Society ({APS})},
  
	volume = {84},
  
	number = {4},
  
	pages = {1419--1475},
  
	author = {Nicola Marzari and Arash A. Mostofi and Jonathan R. Yates and Ivo Souza and David Vanderbilt},
  
	title = {Maximally localized Wannier functions: Theory and applications},
  
	journal = {Reviews of Modern Physics}
}

@inproceedings{Pavarini2011TheLA,
  booktitle={The LDA+DMFT approach to strongly correlated materials},
  title = {Wannier Functions and Construction of Model Hamiltonians},
  author={Jan Kunes},
  year={2011}
}

@inproceedings{Gheeraert2011,
  booktitle = {Self organization in Complex Systems: The Past, Present, and Future of Synergetics},
  title={Mean-Field Theory for
  Extended Bose-Hubbard Model
  with Hard-Core Bosons},
  author={Nicolas Gheeraert and Shai Chester and Mathias May and Sebastian Eggert and Axel Pelster},
  year={2011}
}

@article{Jaksch_1998,
	doi = {10.1103/physrevlett.81.3108},
  
	url = {https://doi.org/10.1103%2Fphysrevlett.81.3108},
  
	year = 1998,
	month = {oct},
  
	publisher = {American Physical Society ({APS})},
  
	volume = {81},
  
	number = {15},
  
	pages = {3108--3111},
  
	author = {D. Jaksch and C. Bruder and J. I. Cirac and C. W. Gardiner and P. Zoller},
  
	title = {Cold Bosonic Atoms in Optical Lattices},
  
	journal = {Physical Review Letters}
}

@book{annett2003,
  title     = "Superconductivity, Superfluids and Condensates",
  author    = "F. Annett, James",
  year      = 2003,
  publisher = "Oxford University Press",
}

@book{leggett2008,
  title     = "Quantum Liquids: Bose Condensation and Cooper Pairing in Condensed-Matter Systems",
  author    = "James Leggett, Anthony",
  year      = 2008,
  publisher = "Oxford University Press",
}

@book{sachdev_2011, 
	place={Cambridge}, 
	edition={2}, 
	title={Quantum Phase Transitions},
	DOI={10.1017/CBO9780511973765}, 
	author={Sachdev, Subir}, 
	year={2011},
	publisher={Cambridge University Press}
}

@book{palash2019,
  title     = "A Physicist's Introduction to Algebraic Structures",
  author    = "B. Pal, Palash",
  year      = 2019,
  publisher = "Cambridge University Press",
}

@article{ying96,
  title = {Simple algebraic method to solve a coupled-channel cavity QED model},
  author = {Wu, Ying},
  journal = {Phys. Rev. A},
  volume = {54},
  issue = {5},
  pages = {4534--4543},
  numpages = {0},
  year = {1996},
  month = {Nov},
  publisher = {American Physical Society},
  doi = {10.1103/PhysRevA.54.4534},
  url = {https://link.aps.org/doi/10.1103/PhysRevA.54.4534}
}

@article{Zhang_2021,
	doi = {10.1103/physreva.103.043333},
	url = {https://doi.org/10.1103%2Fphysreva.103.043333},
	year = 2021,
	month = {apr},
	publisher = {American Physical Society ({APS})},
	volume = {103},
	number = {4},
	author = {Chao Zhang and Jin Zhang and Jin Yang and Barbara Capogrosso-Sansone},
	title = {Ground states of two-dimensional tilted dipolar bosons with density-induced hopping},
	journal = {Physical Review A}
}

@article{Boninsegni_2012,
	doi = {10.1103/revmodphys.84.759},
	url = {https://doi.org/10.1103%2Frevmodphys.84.759},
	year = 2012,
	month = {may},
	publisher = {American Physical Society ({APS})},
	volume = {84},
	number = {2},
	pages = {759--776},
	author = {Massimo Boninsegni and Nikolay V. Prokof'ev},
	title = {Supersolids: What and where are they?},
	journal = {Reviews of Modern Physics}
}

@article{McIntosh_2012,
	doi = {10.1103/physreva.86.013623},
  
	url = {https://doi.org/10.1103%2Fphysreva.86.013623},
  
	year = 2012,
	month = {jul},
  
	publisher = {American Physical Society ({APS})},
  
	volume = {86},
  
	number = {1},
  
	author = {T. McIntosh and P. Pisarski and R. J. Gooding and E. Zaremba},
  
	title = {Multisite mean-field theory for cold bosonic atoms in optical lattices},
  
	journal = {Physical Review A}
}

@misc{Malakar_2023,
      title={Finite temperature phases and excitations of bosons on a square lattice: A cluster mean field study}, 
      author={Manali Malakar and Sudip Sinha and S. Sinha},
      year={2023},
      eprint={2208.06893},
      archivePrefix={arXiv},
      primaryClass={cond-mat.quant-gas}
}

@article{Malakar_2020,
	doi = {10.1103/physrevb.102.184515},
  
	url = {https://doi.org/10.1103%2Fphysrevb.102.184515},
  
	year = 2020,
	month = {nov},
  
	publisher = {American Physical Society ({APS})},
  
	volume = {102},
  
	number = {18},
  
	author = {M. Malakar and S. Ray and S. Sinha and D. Angom},
  
	title = {Phases and collective modes of bosons in a triangular lattice at finite temperature: A cluster mean field study},
  
	journal = {Physical Review B}
}

@article{Zhu_2015,
	doi = {10.1088/1674-1056/24/5/050507},
  
	url = {https://doi.org/10.1088%2F1674-1056%2F24%2F5%2F050507},
  
	year = 2015,
	month = {apr},
  
	publisher = {{IOP} Publishing},
  
	volume = {24},
  
	number = {5},
  
	pages = {050507},
  
	author = {Qi-Zhong Zhu and Biao Wu},
  
	title = {Superfluidity of Bose{\textemdash}Einstein condensates in ultracold atomic gases},
  
	journal = {Chinese Physics B}
}

@misc{schmets2008teaching,
      title={Teaching superfluidity at the introductory level}, 
      author={Alexander J. M. Schmets and Wouter Montfrooij},
      year={2008},
      eprint={0804.3086},
      archivePrefix={arXiv},
      primaryClass={cond-mat.supr-con}
}

@article{Walters_2013,
  	year = 2013,
	month = {apr},
	publisher = {American Physical Society ({APS})},
	volume = {87},
	number = {4},
	author = {R. Walters and G. Cotugno and T. H. Johnson and S. R. Clark and D. Jaksch},
	title = {Ab initio derivation of Hubbard models for cold atoms in optical lattices},
	journal = {Physical Review A},
	doi = {10.1103/PhysRevA.87.043613},
 	url = {https://link.aps.org/doi/10.1103/PhysRevA.87.043613}
}

@article{Chin_2010,
	doi = {10.1103/revmodphys.82.1225},
  
	url = {https://doi.org/10.1103%2Frevmodphys.82.1225},
  
	year = 2010,
	month = {apr},
  
	publisher = {American Physical Society ({APS})},
  
	volume = {82},
  
	number = {2},
  
	pages = {1225--1286},
  
	author = {Cheng Chin and Rudolf Grimm and Paul Julienne and Eite Tiesinga},
  
	title = {Feshbach resonances in ultracold gases},
  
	journal = {Reviews of Modern Physics}
}

@article{Zhang_2010,
	doi = {10.1088/0143-0807/31/3/016},
  
	url = {https://doi.org/10.1088%2F0143-0807%2F31%2F3%2F016},
  
	year = 2010,
	month = {apr},
  
	publisher = {{IOP} Publishing},
  
	volume = {31},
  
	number = {3},
  
	pages = {591--602},
  
	author = {J M Zhang and R X Dong},
  
	title = {Exact diagonalization: the Bose{\textendash}Hubbard model as an example},
  
	journal = {European Journal of Physics}
}

@article{Saito_2017,
	doi = {10.7566/jpsj.86.093001},
  
	url = {https://doi.org/10.7566%2Fjpsj.86.093001},
  
	year = 2017,
	month = {sep},
  
	publisher = {Physical Society of Japan},
  
	volume = {86},
  
	number = {9},
  
	pages = {093001},
  
	author = {Hiroki Saito},
  
	title = {Solving the Bose{\textendash}Hubbard Model with Machine Learning},
  
	journal = {Journal of the Physical Society of Japan}
}

@article{Vicentini_2022,
	doi = {10.21468/scipostphyscodeb.7},
  
	url = {https://doi.org/10.21468%2Fscipostphyscodeb.7},
  
	year = 2022,
	month = {aug},
  
	publisher = {Stichting {SciPost}
},
  
	author = {Filippo Vicentini and Damian Hofmann and Attila Szab{\'{o}} and Dian Wu and Christopher Roth and Clemens Giuliani and Gabriel Pescia and Jannes Nys and Vladimir Vargas-Calder{\'{o}}n and Nikita Astrakhantsev and Giuseppe Carleo},
  
	title = {{NetKet} 3: Machine Learning Toolbox for Many-Body Quantum Systems},
  
	journal = {{SciPost} Physics Codebases}
}

@article{Julia-2017,
    title={Julia: A fresh approach to numerical computing},
    author={Bezanson, Jeff and Edelman, Alan and Karpinski, Stefan and Shah, Viral B},
    journal={SIAM {R}eview},
    volume={59},
    number={1},
    pages={65--98},
    year={2017},
    publisher={SIAM},
    doi={10.1137/141000671},
    url={https://epubs.siam.org/doi/10.1137/141000671}
}


@article{christ2022plotsjl,
 author = {Christ, Simon and Schwabeneder, Daniel and Rackauckas, Christopher and Borregaard, Michael Krabbe and Breloff, Thomas},
 doi = {10.5334/jors.431},
 journal = {Journal of Open Research Software},
 keyword = {en_US},
 month = {Feb},
 title = {Plots.jl – A User Extendable Plotting API for the Julia Programming Language},
 year = {2023}
}


@article{mogensen2018optim,
  author  = {Mogensen, Patrick Kofod and Riseth, Asbj{\o}rn Nilsen},
  title   = {Optim: A mathematical optimization package for {Julia}},
  journal = {Journal of Open Source Software},
  year    = {2018},
  volume  = {3},
  number  = {24},
  pages   = {615},
  doi     = {10.21105/joss.00615}
}

@misc{Fabio11,
  author        = {Fabio Franchini},
  title         = {Notes on Bethe Ansatz Techniques},
  month         = {May},
  year          = {2011},
  howpublished = "\url{https://people.sissa.it/~ffranchi/BAnotes.pdf}"
}

@misc{Kvaal15,
  author        = {Simen Kvaal},
  title         = {Lecture notes for {FYS–KJM}: Quantum mechanics for many-particle systems},
  month         = {Nov},
  year          = {2015}
}

@mastersthesis{Cubela19,
    title = {Superfluid to Mott insulator transition in the
Bose-Hubbard model},
    type={Bachelor's Thesis},
    author = {Petar Cubela},
	year = {2019},
	month = {February},
	school = {Ludwig-Maximilians-Universit\"{a}t M\"{u}nchen}
}

@mastersthesis{Kho16,
    title = {Phase Transitions and Critical Behaviour of Spin-1/2 Bosons in Optical Lattices Within an Extended Mean-Field Approach},
    type={Bachelor's Thesis},
    author = {Kho Zhe Wei},
	year = {2016},
	school = {National University of Singapore}
}

@article{Baier16,
author = {S. Baier  and M. J. Mark  and D. Petter  and K. Aikawa  and L. Chomaz  and Z. Cai  and M. Baranov  and P. Zoller  and F. Ferlaino },
title = {Extended Bose-Hubbard models with ultracold magnetic atoms},
journal = {Science},
volume = {352},
number = {6282},
pages = {201-205},
year = {2016},
doi = {10.1126/science.aac9812},
URL = {https://www.science.org/doi/abs/10.1126/science.aac9812}
}

@misc{lu2020universal,
      title={A Universal Approximation Theorem of Deep Neural Networks for Expressing Probability Distributions}, 
      author={Yulong Lu and Jianfeng Lu},
      year={2020},
      eprint={2004.08867},
      archivePrefix={arXiv},
      primaryClass={cs.LG}
}

@article{Dutta_2015,
	doi = {10.1088/0034-4885/78/6/066001},
	url = {https://doi.org/10.1088%2F0034-4885%2F78%2F6%2F066001},
	year = 2015,
	month = {may},
	publisher = {{IOP} Publishing},
	volume = {78},
	number = {6},
	pages = {066001},
	author = {Omjyoti Dutta and Mariusz Gajda and Philipp Hauke and Maciej Lewenstein and Dirk-Sören Lühmann and Boris A Malomed and Tomasz Sowi{\'{n}
}ski and Jakub Zakrzewski},
	title = {Non-standard Hubbard models in optical lattices: a review},
	journal = {Reports on Progress in Physics}
}

@BOOK{reichl,
  title = {A Modern Course in Statistical Physics},
  author = {Reichl, L.E.},
  year = {1998},
  publisher = {Wiley},
}

@article{Curtright_2014,
	doi = {10.3842/sigma.2014.084},
  
	url = {https://doi.org/10.3842%2Fsigma.2014.084},
  
	year = 2014,
	month = {aug},
  
	publisher = {{SIGMA} (Symmetry, Integrability and Geometry: Methods and Application)},
  
	author = {Thomas L. Curtright},
  
	title = {A Compact Formula for Rotations as Spin Matrix Polynomials},
  
	journal = {Symmetry, Integrability and Geometry: Methods and Applications}
}

@article{Tsuchiya_2004,
	doi = {10.1103/physreva.70.043628},
	url = {https://doi.org/10.1103%2Fphysreva.70.043628},
	year = 2004,
	month = {oct},
	publisher = {American Physical Society ({APS})},
	volume = {70},
	number = {4},
	author = {Shunji Tsuchiya and Susumu Kurihara and Takashi Kimura},
	title = {Superfluid{\textendash}Mott insulator transition of spin-1 bosons in an optical lattice}, 
	journal = {Physical Review A}
}

@article{Ors2014,
	doi = {10.1016/j.aop.2014.06.013},
	url = {https://doi.org/10.1016%2Fj.aop.2014.06.013},
	year = 2014,
	month = {oct},
	publisher = {Elsevier {BV}
},
	volume = {349},
	pages = {117--158},
	author = {Rom{\'{a}}n Or{\'{u}}s},
	title = {A practical introduction to tensor networks: Matrix product states and projected entangled pair states},
	journal = {Annals of Physics}
}

@article{Ors2019,
	doi = {10.1038/s42254-019-0086-7},
	url = {https://doi.org/10.1038%2Fs42254-019-0086-7},
	year = 2019,
	month = {aug},
	publisher = {Springer Science and Business Media {LLC}
},
	volume = {1},
	number = {9},
	pages = {538--550},
	author = {Rom{\'{a}}n Or{\'{u}}s},
	title = {Tensor networks for complex quantum systems},
	journal = {Nature Reviews Physics}
}

@article{Pollet_2012,
	doi = {10.1088/0034-4885/75/9/094501},
	url = {https://doi.org/10.1088%2F0034-4885%2F75%2F9%2F094501},
	year = 2012,
	month = {aug},
	publisher = {{IOP} Publishing},
	volume = {75},
	number = {9},
	pages = {094501},
	author = {Lode Pollet},
	title = {Recent developments in quantum Monte Carlo simulations with applications for cold gases},
	journal = {Reports on Progress in Physics}
}

﻿@Article{Austin2012,
author={Austin, Brian M.
and Zubarev, Dmitry Yu.
and Lester Jr., William A.},
title={Quantum Monte Carlo and Related Approaches},
journal={Chemical Reviews},
year={2012},
month={Jan},
day={11},
publisher={American Chemical Society},
volume={112},
number={1},
pages={263-288},
issn={0009-2665},
doi={10.1021/cr2001564},
url={https://doi.org/10.1021/cr2001564}
}

@misc{sandvik2019stochastic,
      title={Stochastic Series Expansion Methods}, 
      author={Anders W. Sandvik},
      year={2019},
      eprint={1909.10591},
      archivePrefix={arXiv},
      primaryClass={cond-mat.str-el}
}

@article{Sandvik_1999,
	doi = {10.1103/physrevb.59.r14157},
  
	url = {https://doi.org/10.1103%2Fphysrevb.59.r14157},
  
	year = 1999,
	month = {jun},
  
	publisher = {American Physical Society ({APS})},
  
	volume = {59},
  
	number = {22},
  
	pages = {R14157--R14160},
  
	author = {Anders W. Sandvik},
  
	title = {Stochastic series expansion method with operator-loop update},
  
	journal = {Physical Review B}
}

@article{Syljusen_2002,
	doi = {10.1103/physreve.66.046701},
  
	url = {https://doi.org/10.1103%2Fphysreve.66.046701},
  
	year = 2002,
	month = {oct},
  
	publisher = {American Physical Society ({APS})},
  
	volume = {66},
  
	number = {4},
  
	author = {Olav F. Sylju{\aa}sen and Anders W. Sandvik},
  
	title = {Quantum Monte Carlo with directed loops},
  
	journal = {Physical Review E}
}

@inproceedings{Sandvik_2010,
	doi = {10.1063/1.3518900},
  
	url = {https://doi.org/10.1063%2F1.3518900},
  
	year = 2010,
	publisher = {{AIP}
},
  
	author = {Anders W. Sandvik and Adolfo Avella and Ferdinando Mancini},
  
	title = {Computational Studies of Quantum Spin Systems},
  
	booktitle = {{AIP} Conference Proceedings}
}


@article{evertz2003,
author = { H. G.   Evertz },
title = {The loop algorithm},
journal = {Advances in Physics},
volume = {52},
number = {1},
pages = {1-66},
year  = {2003},
publisher = {Taylor & Francis},
doi = {10.1080/0001873021000049195}}

@article{Prokofev1998,
	doi = {10.1134/1.558661},
  
	url = {https://doi.org/10.1134%2F1.558661},
  
	year = 1998,
	month = {aug},
  
	publisher = {Pleiades Publishing Ltd},
  
	volume = {87},
  
	number = {2},
  
	pages = {310--321},
  
	author = {N. V. Prokof'ev and B. V. Svistunov and I. S. Tupitsyn},
  
	title = {Exact, complete, and universal continuous-time worldline Monte Carlo approach to the statistics of discrete quantum systems},
  
	journal = {Journal of Experimental and Theoretical Physics}
}

@misc{prokofev2010worm,
      title={Worm Algorithm for Problems of Quantum and Classical Statistics}, 
      author={N. Prokof'ev and B. Svistunov},
      year={2010},
      eprint={0910.1393},
      archivePrefix={arXiv},
      primaryClass={cond-mat.stat-mech}
}

@article{Pollet_2007,
	doi = {10.1016/j.jcp.2007.03.013},
  
	url = {https://doi.org/10.1016%2Fj.jcp.2007.03.013},
  
	year = 2007,
	month = {aug},
  
	publisher = {Elsevier {BV}
},
  
	volume = {225},
  
	number = {2},
  
	pages = {2249--2266},
  
	author = {Lode Pollet and Kris Van Houcke and Stefan M.A. Rombouts},
  
	title = {Engineering local optimality in quantum Monte Carlo algorithms},
  
	journal = {Journal of Computational Physics}
}

@article{sadoune2022efficient,
	title={Codebase release 1.0 for Worm Algorithm for Bose-Hubbard and XXZ Models},
	author={Nicolas Sadoune and Lode Pollet},
	journal={SciPost Phys. Codebases},
	pages={9-r1.0},
	year={2022},
	publisher={SciPost},
	doi={10.21468/SciPostPhysCodeb.9-r1.0},
	url={https://scipost.org/10.21468/SciPostPhysCodeb.9-r1.0},
}


@book{schneider2008,
  title     = {Computational Many-Particle Physics},
  author    = {H. Fehske and R. Schneider and A. Wei{\ss}e},
  year      = 2008,
  publisher = "Springer",
}

@book{Fetter,
  author = {Fetter, A. L. and Walecka, J. D.},
  keywords = {imported},
  publisher = {McGraw-Hill},
  title = {Quantum Theory of Many-Particle Systems},
  year = 1971
}


@article{Luhmann2013,
	doi = {10.1103/physreva.87.043619},
  
	url = {https://doi.org/10.1103%2Fphysreva.87.043619},
  
	year = 2013,
	month = {apr},
  
	publisher = {American Physical Society ({APS})},
  
	volume = {87},
  
	number = {4},
  
	author = {Dirk-Sören Lühmann},
  
	title = {Cluster Gutzwiller method for bosonic lattice systems},
  
	journal = {Physical Review A}
}

@misc{pan2022sign,
      title={Sign Problem in Quantum Monte Carlo Simulation}, 
      author={Gaopei Pan and Zi Yang Meng},
      year={2022},
      eprint={2204.08777},
      archivePrefix={arXiv},
      primaryClass={cond-mat.str-el}
}